@book{enonce,
    author    = "O. Delgrange & D. Maslowski",
    title     = "Algorithmique et bioinformatique, Enoncé du projet",
    year      = "Jan 2015",
    publisher = "UMONS"
}

@book{cours,
    author    = "O. Delgrange",
    title     = "Cours d'Algorithmique et bioinformatique",
    year      = "2014 - 2015",
    publisher = "UMONS"
}

@book{slides,
    author    = "O. Delgrange",
    title     = "Algorithmique et bioinformatique, Assemblage de fragments d’ADN - Projet (slides de présentation du projet",
    year      = "2014 - 2015",
    publisher = "UMONS"
}